@Misc{Top10Flaws,
author = {Multiple authors},
title = {Top 10 Flaws},
howpublished = {\url{https://www.computer.org/cms/CYBSI/docs/Top-10-Flaws.pdf}},
}

@Book{BIS,
author = {Jason Andress},
title = {The Basics of Information Security},
publisher = {Syngress},
year = {2011},
}

@Misc{XSS,
key = {XSS},
title = {Cross-site Scripting (XSS)},
howpublished = {\url{https://www.owasp.org/index.php/Cross-site_Scripting_(XSS)}},
}

@Misc{XSS_prev,
author = {Jeff Williams and Jim Manico and Neil Mattatall},
title = {XSS (Cross Site Scripting) Prevention Cheat Sheet},
howpublished = {\url{https://www.owasp.org/index.php/XSS_(Cross_Site_Scripting)_Prevention_Cheat_Sheet}},
}

@Misc{SQL,
key = {SQL},
title = {SQL Injection (SQLi)},
howpublished = {\url{https://www.acunetix.com/websitesecurity/sql-injection/}},
}

@Misc{SQL_prev,
author = {Dave Wichers and Jim Manico and Matt Seil and Dhiraj Mishra},
title = {SQL Injection Prevention Cheat Sheet},
howpublished = {\url{https://www.owasp.org/index.php/SQL_Injection_Prevention_Cheat_Sheet}},
}

@Misc{AC,
key = {AC},
title = {Access Control Cheat Sheet},
howpublished = {\url{https://www.owasp.org/index.php/Access_Control_Cheat_Sheet}},
}

@Misc{WS,
key = {WS},
title = {Web Server Security and Database Server Security},
howpublished = {\url{https://www.acunetix.com/websitesecurity/webserver-security/}},
}

@Misc{AS,
author = {Michael Coates},
title = {Application Security},
OPThowpublished = {\url{https://www.youtube.com/watch?v=sY7pUJU8a7U}},
}

@Misc{Top10,
key = {Top10},
title = {Top 10 Project},
howpublished = {\url{https://www.owasp.org/index.php/Category:OWASP_Top_Ten_Project}},
}

@Book{CRYP,
author = {Barbara Guttman and Edward A. Roback},
title = {An Introduction to Computer Security: The NIST Handbook},
publisher = {National Institute of Standards and Technology},
year = {1995},
}

@Misc{Sanit,
key = {Sanit},
title = {Validating Sanitizing and Escaping User Data},
howpublished = {\url{https://codex.wordpress.org/Validating_Sanitizing_and_Escaping_User_Data}},
}

@Misc{DoS,
key = {DoS},
title = {Denial of Service (DoS) Attacks},
howpublished = {\url{http://www.webopedia.com/DidYouKnow/Internet/DoS_attack.asp}},
}

@Misc{DoSM,
key = {DoSM},
author = {Malkov Sa≈°a},
title = {Bezbednost Veb Aplikacija},
howpublished = {\url{http://poincare.matf.bg.ac.rs/~smalkov/files/pveb.r338.2016/public/predavanja/PVeb.2014.08%20-%20bezbednost.pdf}},
}

